Transaction at 2024-06-25 19:43:43
Tomatoes ğŸ… - 10.0 kg on 2024-06-25 with price of 1.5 $/kg (Total: 15.0 $)
Lettuce ğŸ¥¬ - 0.5 kg on 2024-06-25 with price of 0.9 $/kg (Total: 0.45 $)
Strawberry ğŸ“ - 0.5 kg on 2024-06-25 with price of 3.0 $/kg (Total: 1.5 $)
Cucumber ğŸ¥’ - 3.0 kg on 2024-06-25 with price of 1.2 $/kg (Total: 3.5999999999999996 $)
Cucumber ğŸ¥’ - 3.0 kg on 2024-06-25 with price of 1.2 $/kg (Total: 3.5999999999999996 $)
Cucumber ğŸ¥’ - 3.0 kg on 2024-06-25 with price of 1.2 $/kg (Total: 3.5999999999999996 $)
Potatoes ğŸ¥” - 3.0 kg on 2024-06-25 with price of 1.0 $/kg (Total: 3.0 $)
Melon - 3.0 kg on 2024-06-25 with price of 2.0 $/kg (Total: 6.0 $)

Transaction at 2024-06-25 19:44:20
Lettuce ğŸ¥¬ - 3.0 kg on 2024-06-25 with price of 0.9 $/kg (Total: 2.7 $)
Potatoes ğŸ¥” - 3.0 kg on 2024-06-25 with price of 1.0 $/kg (Total: 3.0 $)

Transaction at 2024-06-25 19:44:45
Carrots ğŸ¥• - 3.0 kg on 2024-06-25 with price of 0.8 $/kg (Total: 2.4000000000000004 $)
Apple ğŸ - 2.0 kg on 2024-06-25 with price of 1.6 $/kg (Total: 3.2 $)
Apple ğŸ - 2.0 kg on 2024-06-25 with price of 1.6 $/kg (Total: 3.2 $)
Cucumber ğŸ¥’ - 2.0 kg on 2024-06-25 with price of 1.2 $/kg (Total: 2.4 $)

Transaction at 2024-06-25 19+1:47:40
Cucumber ğŸ¥’ - 2.0 kg on 2024-06-25 with price of 1.2 $/kg (Total: 2.4 $)
Cucumber ğŸ¥’ - 2.0 kg on 2024-06-25 with price of 1.2 $/kg (Total: 2.4 $)
Cucumber ğŸ¥’ - 2.0 kg on 2024-06-25 with price of 1.2 $/kg (Total: 2.4 $)

Transaction at 2024-06-25 20+1:35:47
Tomatoes ğŸ… - 0.0 kg on 2024-06-25 with price of 1.5 $/kg (Total: 0.0 $)
Tomatoes ğŸ… - 0.11999999999999998 kg on 2024-06-25 with price of 1.5 $/kg (Total: 0.17999999999999997 $)

Transaction at 2024-06-26 08+1:57:27
Tomatoes ğŸ… - 0.0 kg on 2024-06-26 with price of 1.5 $/kg (Total: 0.0 $)
Tomatoes ğŸ… - 0.15 kg on 2024-06-26 with price of 1.5 $/kg (Total: 0.22499999999999998 $)
Tomatoes ğŸ… - 6.0 kg on 2024-06-26 with price of 1.5 $/kg (Total: 9.0 $)

Transaction at 2024-06-26 08+1:58:18
Tomatoes ğŸ… - 6.0 kg on 2024-06-26 with price of 1.5 $/kg (Total: 9.0 $)
Tomatoes ğŸ… - 0.16 kg on 2024-06-26 with price of 1.5 $/kg (Total: 0.24 $)

Transaction at 2024-06-26 09+1:25:37
Tomatoes ğŸ… - 0.16 kg on 2024-06-26 with price of 1.5 $/kg (Total: 0.24 $)
Tomatoes ğŸ… - 0.16 kg on 2024-06-26 with price of 1.5 $/kg (Total: 0.24 $)
Tomatoes ğŸ… - 0.01 kg on 2024-06-26 with price of 1.5 $/kg (Total: 0.015 $)
blueberry - 0.01 kg on 2024-06-26 with price of 20.0 $/kg (Total: 0.2 $)
Tomatoes ğŸ… - 5.0 kg on 2024-06-26 with price of 1.5 $/kg (Total: 7.5 $)
blueberry - 5.0 kg on 2024-06-26 with price of 20.0 $/kg (Total: 100.0 $)

